@misc{Povabilo,
  author = {Vladimir Batagelj, Bojan Golli},
  title = "Povabilo v \LaTeX",
  year = "1990",
}

@misc{Companion,
  author = {},
  title = "The \LaTeX companion",
  year = "",
}

@misc{,
  author = {},
  title = "",
  year = "",
  url = "",
  note = "Internet; dostopano  2017",
}

@misc{,
  author = {},
  title = "",
  year = "",
  url = "",
  note = "Internet; dostopano  2017",
}

@misc{,
  author = {},
  title = "",
  year = "",
  url = "",
  note = "Internet; dostopano  2017",
}

@misc{,
  author = {},
  title = "",
  year = "",
  url = "",
  note = "Internet; dostopano  2017",
}

@misc{,
  author = {},
  title = "",
  year = "",
  url = "",
  note = "Internet; dostopano  2017",
}
