@book {H2G2,
  author = {Douglas Adams},
  title = "Hitchhikers Guide to the Galaxy",
  chapter = "5",
  pages = "42",
  year = "1996",
}